@STRING{url:ppint="\htmladdnormallink{http://hepwww.rl.ac.uk/Pub/Phil/ppintro.html}{http://hepwww.rl.ac.uk/Pub/Phil/ppintro.html}"
}

@STRING{url:npint="\htmladdnormallink{http://www.usal.es/gfn/nucl\_i.html}{http://www.usal.es/gfn/nucl_i.html}"
}

@STRING{url:atlas="\htmladdnormallink{http://wwwlhc1.cern.ch/detectors/atlas/}{http://wwwlhc1.cern.ch/detectors/atlas/}"
}

@STRING{url:lhchist="\htmladdnormallink{http://nicewww.cern.ch/lhcp/plo/history.htm}{http://nicewww.cern.ch/lhcp/plo/history.htm}"
}

@STRING{url:lvl1="\htmladdnormallink{http://atlasinfo.cern.ch/Atlas/GROUPS/DAQTRIG/LEVEL1/level1.html}{http://atlasinfo.cern.ch/Atlas/GROUPS/DAQTRIG/LEVEL1/level1.html}"
}

@STRING{url:rd11="\htmladdnormallink{http://www.cern.ch/RD11/introduction/RD11\_introduction.html}{http://www.cern.ch/RD11/introduction/RD11\_introduction.html}"
}

@STRING{url:cba96="\htmladdnormallink{http://sunrans.cern.ch/~rabello/published/cba96/}{http://sunrans.cern.ch/~rabello/published/cba96/}"
}

@STRING{url:icspat97="\htmladdnormallink{http://sunrans.cern.ch/~rabello/published/icspat97/}{http://sunrans.cern.ch/~rabello/published/icspat97/}"
}

@STRING{url:rt97="\htmladdnormallink{http://sunrans.cern.ch/~rabello/published/rt97/}{http://sunrans.cern.ch/~rabello/published/rt97/}"
}

@STRING{url:pf97="\htmladdnormallink{http://sunrans.cern.ch/~rabello/published/pf97/}{http://sunrans.cern.ch/~rabello/published/pf97/}"
}

@STRING{url:telmat="\htmladdnormallink{Telmat Multinode}{http://www.telmat-net.fr/}"
}

@STRING{url:daqnote22="\htmladdnormallink{http://rd13doc.cern.ch/public/doc/Note136.html}{http://rd13doc.cern.ch/public/doc/Note136.html}"
}

@STRING{url:daqnote11="\htmladdnormallink{http://atlasinfo.cern.ch/Atlas/GROUPS/DAQTRIG/NOTES/note11/daq-11.ps}{http://atlasinfo.cern.ch/Atlas/GROUPS/DAQTRIG/NOTES/note11/daq-11.ps}"
}

@STRING{url:daqnote79="\htmladdnormallink{http://atlasinfo.cern.ch/Atlas/GROUPS/DAQTRIG/NOTES/note79/urdv1.ps.Z}{http://atlasinfo.cern.ch/Atlas/GROUPS/DAQTRIG/NOTES/note79/urdv1.ps.Z}"
}

@ARTICLE{andre:partdisc,
   author = {Anjos, A. R. and Seixas, J. M. and Cal\^{o}ba, L. P.},
   title = {Particle Discrimination Using Sub-Optimal Filtering Techniques},
   journal = {XI Congresso Brasileiro de Informática},
   year = {1996},
   note = "{\bf Avaible in:} " # url:cba96
}

@ARTICLE{sx:fe,
   author = {Seixas, J. M. and Kastrup, B. and Cal\^{o}ba, L. P. and Weber, R.},
   title = {Neural Feature Extraction for Calorimeters in a Distributed Processing Environment},
   journal = {},
   year = {1997}
}

@ARTICLE{sx:gldec,
   author = {Seixas, J. M. and Cal\^{o}ba, L. P. and Braga, A. L. and Duarte, E. and Ribeiro, E.},
   title = {Global Decisions for a Neural Triggering System in a High Event Rate Environment},
   journal = {},
   year = {1995}
}

@ARTICLE{sx:relcrit,
   author = {Seixas, J. M. and Cal\^{o}ba, L. P. and Delpino, I.},
   title = {Relevance Criteria for Variable Selection in Classifier Designs},
   journal = {},
   year = {1996}
}

@ARTICLE{bock:cpp_at_level2,
   author = {Bock, R.K. and Carter, J. and Legrand, I.C.},
   title = {Real Time, Data Driven Architectures simulated in Concurrent C++ for the
LHC second-level Trigger},
   journal = {Third International Workshop on Software Engineering, Artificial 
Inteligence and Expert Systems for High Energy and Nuclear Physics},
   year = {1993}
}

@BOOK{lathi:sig,
   author = {B. P. Lathi},
   title = {Signal, Systems and Control},
   publisher = {Harper and Row, Publishers, New York},
   year = {1974},
   address = {California State University, Sacramento},
   edition = {1st.},
}

@BOOK{wass:neural,
   author = {Philip D. Wasserman},
   title = {Neural Computing Theory and Practice},
   publisher = {Van  Nostrand Reinhold},
   year = {1989},
   address = {New York},
   edition = {1st.},
}

@MANUAL{telmat:manual,
   title = {T9000 Ansi C ToolSet User Guide},
   author = url:telmat,
   organization = {Analog Devices, Inc.},
   address = {France},
   year = {1995},
}

@MANUAL{telmat:ts_refman,
   title = {T9000 ToolSet Reference Manual},
   author = url:telmat,
   organization = {Analog Devices, Inc.},
   address = {France},
   year = {1995},
}

@MANUAL{telmat:ansi_c_refman,
   title = {T9000 ANSI C ToolSet Language and Libraries Reference Manual},
   author = url:telmat,
   organization = {Analog Devices, Inc.},
   address = {France},
   year = {1995},
}

@MANUAL{telmat:soft_usrman,
   title = {IMS S7397 T9000 IBM PC Interface Software User Manual},
   author = url:telmat,
   organization = {Analog Devices, Inc.},
   address = {France},
   year = {1995},
}

@MANUAL{telmat:dsp_usrman,
   title = {DSP-HTRAM Software User Manual},
   author = url:telmat,
   organization = {Analog Devices, Inc.},
   address = {France},
   year = {1995},
}

@MISC{rd11:intro,
   author = {{EAST-RD11 Colaboration}},
   title = {EAST-RD11 Introduction (notes on WWW)},
   howpublished = "Internet WWW site \\(" # url:rd11 # ")"
}

@MISC{pp:intro,
   title = {An introduction to Particle Physics},
   howpublished = "Internet WWW site \\(" # url:ppint # ")"
}

@MISC{np:intro,
   title = {Introduction to Nuclear Physics},
   author = {University of Salamanca Nuclear Physics Group},
   howpublished = "Internet WWW site \\(" # url:npint # ")"
}

@MISC{lhc:history,
   title = {The History of the LHC Project},
   howpublished = "Internet WWW site \\(" # url:lhchist # ")"
}

@MISC{level1:intro,
   title = {ATLAS Level 1 Trigger Home Page},
   howpublished = "Internet WWW site \\(" # url:lvl1 # ")"
}

@MISC{telmat:transps,
   title = {Telmat's TN310 System User's Course Transparencies and Annotations},
   month = {September},
   year = {1996},
   note = {Ministered by R\'{e}n\'{e} Pathenay}
}

@MISC{www:luminosity,
   title = url:atlas
}

@TECHREPORT{trigger:glob_arq,
   author = {Mapelli, L\'{\i}vio P.},
   title = {Global Architecture for the ATLAS DAQ and Trigger - Part 1 - Functional 
Model},
   institution = {CERN},
   month = {January},
   year = {1995},
   type = {RD13 Technical Note},
   number = {136},
   note = "{\bf Avaible in:} " # url:daqnote22
}

@TECHREPORT{bock:ANN_at_level2,
   author = {Bock, R.K. and Carter, J. and Legrand, I.C.},
   title = {What can Artificial Neural Networks do for the Global Second Level 
Trigger},
   institution = {CERN},
   month = {March},
   year = {1994},
   type = {ATLAS/DAQ Note},
   number = "11",
   note = "{\bf Avaible in:} " # url:daqnote11
}

@TECHREPORT{level2:urd,
   author = {Level 2 Requirements group},
   title = {ATLAS Level 2 Trigger User Requirements Document},
   institution = "CERN",
   month = {December},
   year = {1997},
   type = {ATLAS/DAQ Note},
   number = "79",
   note = "{\bf Avaible in:} " # url:daqnote79
}

@UNPUBLISHED{level2:ro_spec,
   author = {Bock, Rudolf and LeDu, Patrick},
   title = {Detector and readout specifications seen from the level-2 trigger},
   note = {Uncomplete Draft},
   month = {January},
   year = {1996}
}

@UNPUBLISHED{level2:fex_algo,
   author = {Hauser, R. and Legrand, I.C.},
   title = {Second Level Trigger Feature Extraction Algorithms},
   note = {Draft},
   year = {1994}
}

@UNPUBLISHED{level2:tsr,
   author = {Bock, R.K.},
   title = {ATLAS Level 2 Trigger System Requirements},
   note = {Draft no.3},
   month = {November},
   year = {1995}
}

